<record xmlns:xsi="http://www.w3.org/2001/XMLSchema-instance" xmlns="http://www.loc.gov/MARC21/slim" xsi:schemaLocation="http://www.loc.gov/MARC21/slim http://www.loc.gov/standards/marcxml/schema/MARC21slim.xsd">

  <leader>00784nam a22001577a 4500</leader>
  <controlfield tag="008">160418b2001    cr ||||| |||| 00| | spa d</controlfield>
  <datafield ind2=" " ind1=" " tag="090">
    <subfield code="a">06.02.05 </subfield>
    <subfield code="b">2178 </subfield>
  </datafield>
  <datafield ind2=" " tag="100" ind1="1">
    <subfield code="9">708</subfield>
    <subfield code="a">Cubero Venegas, Carmen María</subfield>
  </datafield>
  <datafield ind1="1" tag="245" ind2="0">
    <subfield code="a">Informe final de ejecución, Módulo 2 Rendimiento escolar, Módulo 3, Admisión, ubicación, matrícula /</subfield>
    <subfield code="c">preparado por Carmen M. Cubero Venegas</subfield>
  </datafield>
  <datafield ind2=" " tag="260" ind1=" ">
    <subfield code="a">San José, Costa Rica : </subfield>
    <subfield code="b">Universidad de Costa Rica, Convenio OIM-Universidad de Costa Rica,</subfield>
    <subfield code="c">2001</subfield>
  </datafield>
  <datafield ind2=" " ind1=" " tag="300">
    <subfield code="a">62 hojas</subfield>
  </datafield>
  <datafield tag="500" ind1=" " ind2=" ">
    <subfield code="a">Proyecto Ampliación de la Capacidad del Sistema Educativo Costarricense en Comunidades Afectadas por Migración Nicaraguense Relacionadas con el Huracán Mitch</subfield>
  </datafield>
  <datafield ind2="4" ind1="1" tag="650">
    <subfield code="9">1095</subfield>
    <subfield code="a">RENDIMIENTO ACADÉMICO</subfield>
  </datafield>
  <datafield tag="650" ind1="1" ind2="4">
    <subfield code="9">485</subfield>
    <subfield code="a">EDUCACIÓN INTERCULTURAL </subfield>
  </datafield>
  <datafield ind1=" " tag="942" ind2=" ">
    <subfield code="2">z</subfield>
    <subfield code="c">01</subfield>
  </datafield>
  <datafield ind2=" " ind1=" " tag="999">
    <subfield code="c">3111</subfield>
    <subfield code="d">3111</subfield>
  </datafield>
</record>